@misc {
    teste,
    author = { Leonardo Alves Riether }
}
